<record><leader>00000cas a2200000 a 4500</leader><controlfield tag="001">11154599</controlfield><controlfield tag="008">840914d18991976ksuwr ne      0   a0eng d</controlfield><controlfield tag="009">3789</controlfield><datafield ind1=" " ind2=" " tag="010"><subfield code="a">sn 84029716 </subfield></datafield><datafield ind1=" " ind2=" " tag="040"><subfield code="a">KSH</subfield><subfield code="b">eng</subfield><subfield code="c">KSH</subfield><subfield code="d">NPT</subfield><subfield code="d">OCL</subfield></datafield><datafield ind1=" " ind2=" " tag="042"><subfield code="a">msc</subfield></datafield><datafield ind1="0" ind2="4" tag="245"><subfield code="a">The Bushton news.</subfield></datafield><datafield ind1=" " ind2=" " tag="260"><subfield code="a">Holyrood, Kan. :</subfield><subfield code="b">L.D. Harding,</subfield><subfield code="c">1899-1976.</subfield></datafield><datafield ind1=" " ind2=" " tag="300"><subfield code="a">77 v. :</subfield><subfield code="b">ill. ;</subfield><subfield code="c">54 cm.</subfield></datafield><datafield ind1=" " ind2=" " tag="310"><subfield code="a">Weekly</subfield></datafield><datafield ind1="0" ind2=" " tag="362"><subfield code="a">Vol. 4, no. 33 (Nov. 17, 1899)-v. 80, no. 42 (Oct. 13, 1976).</subfield></datafield><datafield ind1=" " ind2=" " tag="500"><subfield code="a">Published in Holyrood, Kan., Nov. 1, 1901-Oct. 13, 1976.</subfield></datafield><datafield ind1=" " ind2=" " tag="500"><subfield code="a">Publisher varies.</subfield></datafield><datafield ind1=" " ind2=" " tag="515"><subfield code="a">Numbering is irregular.</subfield></datafield><datafield ind1=" " ind2=" " tag="525"><subfield code="a">Supplements included.</subfield></datafield><datafield ind1=" " ind2=" " tag="752"><subfield code="a">United States</subfield><subfield code="b">Kansas</subfield><subfield code="c">Rice</subfield><subfield code="d">Bushton.</subfield></datafield><datafield ind1=" " ind2=" " tag="752"><subfield code="a">United States</subfield><subfield code="b">Kansas</subfield><subfield code="c">Ellsworth</subfield><subfield code="d">Holyrood.</subfield></datafield><datafield ind1="0" ind2="0" tag="780"><subfield code="t">Chase news</subfield><subfield code="w">(DLC)sn 85031772</subfield></datafield><datafield ind1="0" ind2="7" tag="785"><subfield code="t">Holyrood gazette</subfield><subfield code="w">(DLC)sn 84029741</subfield></datafield><datafield ind1="0" ind2="7" tag="785"><subfield code="t">Holyrood gazette and the Bushton news</subfield><subfield code="w">(DLC)sn 84029742</subfield></datafield></record>